@article{Attention,
  author       = {Ashish Vaswani and
                  Noam Shazeer and
                  Niki Parmar and
                  Jakob Uszkoreit and
                  Llion Jones and
                  Aidan N. Gomez and
                  Lukasz Kaiser and
                  Illia Polosukhin},
  title        = {Attention Is All You Need},
  journal      = {CoRR},
  volume       = {abs/1706.03762},
  year         = {2017},
  url          = {http://arxiv.org/abs/1706.03762},
  eprinttype    = {arXiv},
  eprint       = {1706.03762},
  timestamp    = {Sat, 23 Jan 2021 01:20:40 +0100},
  biburl       = {https://dblp.org/rec/journals/corr/VaswaniSPUJGKP17.bib},
  bibsource    = {dblp computer science bibliography, https://dblp.org}
}

@misc{SetAttention,
      title={Set Transformer: A Framework for Attention-based Permutation-Invariant Neural Networks}, 
      author={Juho Lee and Yoonho Lee and Jungtaek Kim and Adam R. Kosiorek and Seungjin Choi and Yee Whye Teh},
      year={2019},
      eprint={1810.00825},
      archivePrefix={arXiv},
      primaryClass={cs.LG},
      url={https://arxiv.org/abs/1810.00825}, 
}

@article{Barman_2024,
   title={Top-philic machine learning},
   ISSN={1951-6401},
   DOI={10.1140/epjs/s11734-024-01237-9},
   journal={The European Physical Journal Special Topics},
   publisher={Springer Science and Business Media LLC},
   author={Barman, Rahool Kumar and Biswas, Sumit},
   year={2024},
   month=jul }


@article{he2023high,
  title={High-energy nuclear physics meets machine learning},
  author={He, Wan-Bing and Ma, Yu-Gang and Pang, Long-Gang and Song, Hui-Chao and Zhou, Kai},
  journal={Nuclear Science and Techniques},
  volume={34},
  number={6},
  pages={88},
  year={2023},
  publisher={Springer}
}

@article{kansal2021particle,
  title={Particle cloud generation with message passing generative adversarial networks},
  author={Kansal, Raghav and Duarte, Javier and Su, Hao and Orzari, Breno and Tomei, Thiago and Pierini, Maurizio and Touranakou, Mary and Gunopulos, Dimitrios and others},
  journal={Advances in Neural Information Processing Systems},
  volume={34},
  pages={23858--23871},
  year={2021}
}

@misc{duarte2024novelmachinelearningapplications,
      title={Novel machine learning applications at the LHC}, 
      author={Javier M. Duarte},
      year={2024},
      eprint={2409.20413},
      archivePrefix={arXiv},
      primaryClass={hep-ex},
      url={https://arxiv.org/abs/2409.20413}, 
}

@article{komiske2017pileup,
  title={Pileup mitigation with machine learning (PUMML)},
  author={Komiske, Patrick T and Metodiev, Eric M and Nachman, Benjamin and Schwartz, Matthew D},
  journal={Journal of High Energy Physics},
  volume={2017},
  number={12},
  pages={1--20},
  year={2017},
  publisher={Springer}
}

@inproceedings{qu2022particle,
  title={Particle transformer for jet tagging},
  author={Qu, Huilin and Li, Congqiao and Qian, Sitian},
  booktitle={International Conference on Machine Learning},
  pages={18281--18292},
  year={2022},
  organization={PMLR}
}

@article{Cacciari_2012,
   title={FastJet user manual: (for version 3.0.2)},
   volume={72},
   ISSN={1434-6052},
   DOI={10.1140/epjc/s10052-012-1896-2},
   number={3},
   journal={The European Physical Journal C},
   publisher={Springer Science and Business Media LLC},
   author={Cacciari, Matteo and Salam, Gavin P. and Soyez, Gregory},
   year={2012},
   month=mar }

@article{Cacciari_2008,
   title={The anti-ktjet clustering algorithm},
   volume={2008},
   ISSN={1029-8479},
   DOI={10.1088/1126-6708/2008/04/063},
   number={04},
   journal={Journal of High Energy Physics},
   publisher={Springer Science and Business Media LLC},
   author={Cacciari, Matteo and Salam, Gavin P and Soyez, Gregory},
   year={2008},
   month=apr, pages={063–063} }

@misc{pythia,
      title={{A comprehensive guide to the physics and usage of PYTHIA 8.3}}, 
      author={Christian Bierlich and Smita Chakraborty and Nishita Desai and Leif Gellersen and Ilkka Helenius and Philip Ilten and Leif Lönnblad and Stephen Mrenna and Stefan Prestel and Christian T. Preuss and Torbjörn Sjöstrand and Peter Skands and Marius Utheim and Rob Verheyen},
      year={2022},
      eprint={2203.11601},
      archivePrefix={arXiv},
      primaryClass={hep-ph},
      url={https://arxiv.org/abs/2203.11601}, 
}

@article{madgraph,
   title={The automated computation of tree-level and next-to-leading order differential cross sections, and their matching to parton shower simulations},
   volume={2014},
   ISSN={1029-8479},
   DOI={10.1007/jhep07(2014)079},
   number={7},
   journal={Journal of High Energy Physics},
   publisher={Springer Science and Business Media LLC},
   author={Alwall, J. and Frederix, R. and Frixione, S. and Hirschi, V. and Maltoni, F. and Mattelaer, O. and Shao, H.-S. and Stelzer, T. and Torrielli, P. and Zaro, M.},
   year={2014},
   month=jul }

@techreport{ATLAS-CONF-2014-018,
      title         = "{{Tagging and suppression of pileup jets with the ATLAS
                       detector}}",
      author        = {{The ATLAS Collaboration}},
      institution   = "CERN",
      number  = "ATLAS-CONF-2014-018",
      address       = "Geneva",
      year          = "2014",
      url           = "https://cds.cern.ch/record/1700870"
}

@article{Larkoski_2020,
   title={Jet substructure at the Large Hadron Collider: A review of recent advances in theory and machine learning},
   volume={841},
   ISSN={0370-1573},
   DOI={10.1016/j.physrep.2019.11.001},
   journal={Physics Reports},
   publisher={Elsevier BV},
   author={Larkoski, Andrew J. and Moult, Ian and Nachman, Benjamin},
   year={2020},
   month=jan, pages={1–63} }

@article{Bertolini_2014,
   title={Pileup per particle identification},
   volume={2014},
   ISSN={1029-8479},
   DOI={10.1007/jhep10(2014)059},
   number={10},
   journal={Journal of High Energy Physics},
   publisher={Springer Science and Business Media LLC},
   author={Bertolini, Daniele and Harris, Philip and Low, Matthew and Tran, Nhan},
   year={2014},
   month=oct }

@article{CHS,
   title={{Pileup mitigation at CMS in 13 TeV data}},
   author = {{Sirunyan, A.M. {\it et al} [The CMS Collaboration]}},
   volume={15},
   ISSN={1748-0221},
   DOI={10.1088/1748-0221/15/09/p09018},
   number={09},
   journal={Journal of Instrumentation},
   publisher={IOP Publishing},
   year={2020},
   month=sep, pages={P09018–P09018} }

@article{ParticleNet,
   title={Jet tagging via particle clouds},
   volume={101},
   ISSN={2470-0029},
   DOI={10.1103/physrevd.101.056019},
   number={5},
   journal={Physical Review D},
   publisher={American Physical Society (APS)},
   author={Qu, Huilin and Gouskos, Loukas},
   year={2020},
   month=mar }

@article{ABCNet,
   title={ABCNet: an attention-based method for particle tagging},
   volume={135},
   ISSN={2190-5444},
   DOI={10.1140/epjp/s13360-020-00497-3},
   number={6},
   journal={The European Physical Journal Plus},
   publisher={Springer Science and Business Media LLC},
   author={Mikuni, V. and Canelli, F.},
   year={2020},
   month=jun }

@book{Dainese:2019rgk,
    editor = "Dainese, Andrea and Mangano, Michelangelo and Meyer, Andreas B. and Nisati, Aleandro and Salam, Gavin and Vesterinen, Mika Anton",
    title = "{Report on the Physics at the HL-LHC, and Perspectives for the HE-LHC}",
    reportNumber = "CERN-2019-007",
    doi = "10.23731/CYRM-2019-007",
    isbn = "978-92-9083-549-3",
    publisher = "CERN",
    address = "Geneva, Switzerland",
    series = "CERN Yellow Reports: Monographs",
    volume = "7/2019",
    year = "2019"
}

@techreport{ATLAS:2021yvc,
    author = {{The ATLAS Collaboration}},
    institution = "CERN",
    collaboration = "ATLAS",
    title = "{Expected tracking and related performance with the updated ATLAS Inner Tracker layout at the High-Luminosity LHC}",
    number = "ATL-PHYS-PUB-2021-024",
    url = {https://cds.cern.ch/record/2776651},
    year = "2021"
}

@techreport{TheATLAScollaboration:2014rfk,
    author = {{The ATLAS Collaboration}},
    institution = "CERN",
    collaboration = "ATLAS",
    title = "{ATLAS Pythia 8 tunes to 7 TeV data}",
    number = "ATL-PHYS-PUB-2014-021",
    url = {https://cds.cern.ch/record/1966419},
    year = "2014"
}

@article{BALL2013244,
title = {{Parton distributions with LHC data}},
journal = {Nuclear Physics B},
volume = {867},
number = {2},
pages = {244-289},
year = {2013},
issn = {0550-3213},
doi = {https://doi.org/10.1016/j.nuclphysb.2012.10.003},
author = {Richard D. Ball and Valerio Bertone and Stefano Carrazza and Christopher S. Deans and Luigi {Del Debbio} and Stefano Forte and Alberto Guffanti and Nathan P. Hartland and José I. Latorre and Juan Rojo and Maria Ubiali},
keywords = {LHC, Collider physics, Parton distributions, QCD},
}